
@comment{jabref-meta: databaseType:bibtex;}

@preamble{ "\newcommand{\noopsort}[1]{} "
        # "\newcommand{\printfirst}[2]{#1} " }

@string{ucp:2 = {University of California Press}}

@string{ucp:2023 = "Berkeley: " # ucp:2 # {, } # 2023}

@string{!$&*+-./:;<>?@[\]^_`|~3 = {string definition}}

@!$&*+-./:;<>?@[\]^_`|~(123!"#$%&'()*+-./:;<=>?@[\]^_`{|}~,
  !$&*+-./:;<>?@[\]^_`|~2 = !$&*+-./:;<>?@[\]^_`|~3,
)

@xdata{oup2,
  publisher = {Oxford University Press} # ucp:2,
  location  = {Oxford}
}

@inproceedings{testkey,
  author    = {Sarah Conner},
  booktitle = {Defeating The Terminators},
  title     = {{Genesys Is Skynet}},
  year      = {2015},
  month     = oct,
  pages     = {1--4},
  url     = {\url{http://www.example.com/some-%AC-encoded-%2C-character}}

}

@book{glasbook,
  author  = {Glasserman, Paul},
  title   = {Monte {C}arlo methods in
             financial engineering},
  series  = {Applications of Mathematics (New York)},
  note    = { Stochastic Modelling and Applied Probability},
  address = {New York},
  year    = {2004},
  pages   = {xiv+596},
  isbn    = {0-387-00451-3 {toto}},
  url     = {http://www.example.com/some-%AC-encoded-%2C-character}
}



@xdata{oup,
  publisher = {Oxford University Press},
  location  = {Oxford}
}

@book{MR1241645,
  author    = {Rubinstein, Reuven Y. and Shapiro, Alexander},
  title     = "Discrete event systems",
  series    = "Wiley Series in Probability and Mathematical Statistics:
               Probability
               and Mathematical Statistics",
  note      = {Sensitivity analysis and stochastic optimization by the score
               function method},
  publisher = {John Wiley \& Sons Ltd.},
  address   = {Chichester},
  year      = 1993,
  pages     = {xvi+334},
  isbn      = {0-471-93419-4},
  mrclass   = {90-02 (60K25 90C15)},
  mrnumber  = {MR1241645 (95k:90004)}
}

@inproceedings{Robots,
  author    = {Sky Net},
  booktitle = {Evil and Robots},
  title     = {{The Best Robots}},
  year      = {2015},
  month     = sept,
  pages     = {1--4},
  howpublished = {\url{http://www.example.com/some-%AC-encoded-%2C-character}}
}

@book(key)(}{,
  note = {Valid entry key.}
)

@book{key)({,
  note = {Valid entry key with unmatched brace.}
}

@book{key)(}{,
  note = {The closing brace ends the entry and the rest is ignored.}
}

@comment @book{test-comment-1,
  note = {The entry type is "book".}
}

@comment@book{test-comment-2,
  note = {The entry type is "comment@book".}
}

@book{test-string-1,
  title = {foo \{ bar},
  publisher = {foo \} bar}
}

@book{test-string-2,
  title = "foo {",
  publisher = "} bar"
}
